<collection xmlns="http://www.loc.gov/MARC21/slim">
<record>
  <leader>02894nam0a2200517 i 450 </leader>
  <controlfield tag="001">IT\ICCU\CNCE\012341</controlfield>
  <controlfield tag="005">19981127000000.0</controlfield>
  <datafield tag="012" ind1=" " ind2=" ">
    <subfield code="a">m.t, inod *ci- sera (3) 1557 (R)</subfield>
    <subfield code="2">fei</subfield>
  </datafield>
  <datafield tag="100" ind1=" " ind2=" ">
    <subfield code="a">19970101d1557        0itac0103    ba</subfield>
  </datafield>
  <datafield tag="101" ind1=" " ind2=" ">
    <subfield code="a">LAT</subfield>
  </datafield>
  <datafield tag="102" ind1=" " ind2=" ">
    <subfield code="a">IT</subfield>
  </datafield>
  <datafield tag="200" ind1="1" ind2=" ">
    <subfield code="a">℗M.Tullii Ciceronis ℗Familiarium epistolarum libri XVI. Cum Hubertini Crescentinatis, Martini Philetici, Iod. Badij Ascensii, Io. Baptistae Ignatij, &amp; Pauli Manutii ab ipso proxime recognitis, emendatis, atque auctis commentarijs</subfield>
  </datafield>
  <datafield tag="210" ind1=" " ind2=" ">
    <subfield code="a">Venetiis</subfield>
    <subfield code="c">apud Ioannem Mariam Bonellum</subfield>
    <subfield code="d">1557</subfield>
  </datafield>
  <datafield tag="215" ind1=" " ind2=" ">
    <subfield code="a">\18!, 257 c.</subfield>
    <subfield code="d">fol</subfield>
  </datafield>
  <datafield tag="620" ind1=" " ind2=" ">
    <subfield code="a">IT</subfield>
    <subfield code="d">Venezia</subfield>
  </datafield>
  <datafield tag="700" ind1=" " ind2="1">
    <subfield code="a">Cicero,</subfield>
    <subfield code="b">Marcus Tullius</subfield>
    <subfield code="3">IT\ICCU\CNCA\002170</subfield>
  </datafield>
  <datafield tag="702" ind1=" " ind2="0">
    <subfield code="a">Ubertino</subfield>
    <subfield code="c"> : da#Crescentino</subfield>
    <subfield code="3">IT\ICCU\CNCA\003044</subfield>
  </datafield>
  <datafield tag="702" ind1=" " ind2="1">
    <subfield code="a">Filetico,</subfield>
    <subfield code="b">Martino</subfield>
    <subfield code="3">IT\ICCU\CNCA\003045</subfield>
  </datafield>
  <datafield tag="702" ind1=" " ind2="1">
    <subfield code="a">Egnazio,</subfield>
    <subfield code="b">Giovanni Battista</subfield>
    <subfield code="3">IT\ICCU\CNCA\003049</subfield>
  </datafield>
  <datafield tag="702" ind1=" " ind2="1">
    <subfield code="a">Manuzio,</subfield>
    <subfield code="b">Paolo</subfield>
    <subfield code="c"> &lt;1512-1574&gt;</subfield>
    <subfield code="3">IT\ICCU\CNCA\000321</subfield>
  </datafield>
  <datafield tag="702" ind1=" " ind2="1">
    <subfield code="a">Bade,</subfield>
    <subfield code="b">Josse</subfield>
    <subfield code="3">IT\ICCU\CNCA\001185</subfield>
  </datafield>
  <datafield tag="712" ind1="0" ind2="0">
    <subfield code="a">Bonelli, Giovanni Maria</subfield>
    <subfield code="c"> &lt;1.&gt;</subfield>
    <subfield code="3">IT\ICCU\CNCT\000356</subfield>
    <subfield code="4">650</subfield>
  </datafield>
  <datafield tag="790" ind1=" " ind2="1">
    <subfield code="a">Tullius Cicero,</subfield>
    <subfield code="b">Marcus</subfield>
    <subfield code="3">IT\ICCU\CNCA\020042</subfield>
    <subfield code="z">Cicero, Marcus Tullius</subfield>
  </datafield>
  <datafield tag="790" ind1=" " ind2="0">
    <subfield code="a">Hubertinus</subfield>
    <subfield code="c"> : Crescentinas</subfield>
    <subfield code="3">IT\ICCU\CNCA\003292</subfield>
    <subfield code="z">Ubertino : da#Crescentino</subfield>
  </datafield>
  <datafield tag="790" ind1=" " ind2="1">
    <subfield code="a">Clerico,</subfield>
    <subfield code="b">Uberto</subfield>
    <subfield code="3">IT\ICCU\CNCA\017260</subfield>
    <subfield code="z">Ubertino : da#Crescentino</subfield>
  </datafield>
  <datafield tag="790" ind1=" " ind2="0">
    <subfield code="a">Ubertinus</subfield>
    <subfield code="c"> : Clericus</subfield>
    <subfield code="3">IT\ICCU\CNCA\025013</subfield>
    <subfield code="z">Ubertino : da#Crescentino</subfield>
  </datafield>
  <datafield tag="790" ind1=" " ind2="1">
    <subfield code="a">Phileticus,</subfield>
    <subfield code="b">Martinus</subfield>
    <subfield code="3">IT\ICCU\CNCA\014812</subfield>
    <subfield code="z">Filetico, Martino</subfield>
  </datafield>
  <datafield tag="790" ind1=" " ind2="1">
    <subfield code="a">Cipelli,</subfield>
    <subfield code="b">Giovanni Battista</subfield>
    <subfield code="3">IT\ICCU\CNCA\003293</subfield>
    <subfield code="z">Egnazio, Giovanni Battista</subfield>
  </datafield>
  <datafield tag="790" ind1=" " ind2="1">
    <subfield code="a">Egnatius,</subfield>
    <subfield code="b">Ioannes Baptista</subfield>
    <subfield code="3">IT\ICCU\CNCA\013969</subfield>
    <subfield code="z">Egnazio, Giovanni Battista</subfield>
  </datafield>
  <datafield tag="790" ind1=" " ind2="0">
    <subfield code="a">Egnatius</subfield>
    <subfield code="3">IT\ICCU\CNCA\023268</subfield>
    <subfield code="z">Egnazio, Giovanni Battista</subfield>
  </datafield>
  <datafield tag="790" ind1=" " ind2="0">
    <subfield code="a">Egnatius</subfield>
    <subfield code="c"> : Venetus</subfield>
    <subfield code="3">IT\ICCU\CNCA\023272</subfield>
    <subfield code="z">Egnazio, Giovanni Battista</subfield>
  </datafield>
  <datafield tag="790" ind1=" " ind2="1">
    <subfield code="a">Manutius,</subfield>
    <subfield code="b">Paulus</subfield>
    <subfield code="3">IT\ICCU\CNCA\019615</subfield>
    <subfield code="z">Manuzio, Paolo &lt;1512-1574&gt;</subfield>
  </datafield>
  <datafield tag="790" ind1=" " ind2="1">
    <subfield code="a">Manuce,</subfield>
    <subfield code="b">Paul</subfield>
    <subfield code="3">IT\ICCU\CNCA\019616</subfield>
    <subfield code="z">Manuzio, Paolo &lt;1512-1574&gt;</subfield>
  </datafield>
  <datafield tag="790" ind1=" " ind2="0">
    <subfield code="a">Badius Ascensius Jodocus</subfield>
    <subfield code="3">IT\ICCU\CNCA\003294</subfield>
    <subfield code="z">Bade, Josse</subfield>
  </datafield>
  <datafield tag="790" ind1=" " ind2="0">
    <subfield code="a">Ascensius</subfield>
    <subfield code="3">IT\ICCU\CNCA\026332</subfield>
    <subfield code="z">Bade, Josse</subfield>
  </datafield>
  <datafield tag="791" ind1="0" ind2="0">
    <subfield code="a">Bonellus, Ioannes Maria</subfield>
    <subfield code="c"> &lt;1&gt;</subfield>
    <subfield code="3">IT\ICCU\CNCT\004443</subfield>
    <subfield code="z">Bonelli, Giovanni Maria &lt;1.&gt;</subfield>
  </datafield>
  <datafield tag="791" ind1="0" ind2="0">
    <subfield code="a">Bonello, Giovan Maria</subfield>
    <subfield code="3">IT\ICCU\CNCT\004444</subfield>
    <subfield code="z">Bonelli, Giovanni Maria &lt;1.&gt;</subfield>
  </datafield>
  <datafield tag="801" ind1=" " ind2="3">
    <subfield code="a">IT</subfield>
    <subfield code="b">ICCU</subfield>
    <subfield code="c">20201113</subfield>
  </datafield>
  <datafield tag="899" ind1=" " ind2=" ">
    <subfield code="a">Biblioteca del Seminario vescovile. Osimo</subfield>
    <subfield code="1">AN0056</subfield>
    <subfield code="2">PBE D3</subfield>
  </datafield>
  <datafield tag="899" ind1=" " ind2=" ">
    <subfield code="a">Biblioteca del comune e dell&apos;Accademia etrusca. Cortona</subfield>
    <subfield code="1">AR0034</subfield>
    <subfield code="2">RT1 QE</subfield>
  </datafield>
  <datafield tag="899" ind1=" " ind2=" ">
    <subfield code="a">Biblioteca comunale. Enna</subfield>
    <subfield code="1">EN0025</subfield>
    <subfield code="2">ZEN 01</subfield>
  </datafield>
  <datafield tag="899" ind1=" " ind2=" ">
    <subfield code="a">Biblioteca comunale Ariostea. Ferrara</subfield>
    <subfield code="1">FE0017</subfield>
    <subfield code="2">UFE AR</subfield>
  </datafield>
  <datafield tag="899" ind1=" " ind2=" ">
    <subfield code="a">Biblioteca comunale Giulio Einaudi. Correggio</subfield>
    <subfield code="1">RE0031</subfield>
    <subfield code="2">RE2 13</subfield>
  </datafield>
  <datafield tag="899" ind1=" " ind2=" ">
    <subfield code="a">Biblioteca nazionale centrale. Roma</subfield>
    <subfield code="1">RM0267</subfield>
    <subfield code="2">BVE CR</subfield>
  </datafield>
  <datafield tag="899" ind1=" " ind2=" ">
    <subfield code="a">Biblioteca Diocesana Vigilianum. Trento</subfield>
    <subfield code="1">TN0132</subfield>
    <subfield code="2">ZTN 10</subfield>
  </datafield>
  <datafield tag="899" ind1=" " ind2=" ">
    <subfield code="a">Biblioteca civica. Verona</subfield>
    <subfield code="1">VR0059</subfield>
    <subfield code="2">ZVR 02</subfield>
  </datafield>
</record>
</collection>
